<?xml version="1.0" encoding="UTF-8" ?>
<marc:collection xmlns:marc="http://www.loc.gov/MARC21/slim" 
xmlns:xsi="http://www.w3.org/2001/XMLSchema-instance" 
xsi:schemaLocation="http://www.loc.gov/MARC21/slim 
http://www.loc.gov/standards/marcxml/schema/MARC21slim.xsd">
  <marc:record>
    <marc:leader>00000nam a2200421 c 4500</marc:leader>
    <marc:controlfield tag="007">cr |||||||||||</marc:controlfield>
    <marc:controlfield tag="007">tu</marc:controlfield>
    <marc:controlfield tag="008">      |2017    au      om    ||| |     u</marc:controlfield>
    <marc:datafield tag="040" ind1=" " ind2=" ">
      <marc:subfield code="a">UBG</marc:subfield>
      <marc:subfield code="b">ger</marc:subfield>
      <marc:subfield code="c">VL-WG-UBG</marc:subfield>
      <marc:subfield code="e">rda</marc:subfield>
    </marc:datafield>
    <marc:datafield tag="044" ind1=" " ind2=" ">
      <marc:subfield code="c">XA-AT</marc:subfield>
    </marc:datafield>
    <marc:datafield tag="100" ind1="1" ind2=" ">
      <marc:subfield code="a">Raspotnig, Eva-Maria</marc:subfield>
      <marc:subfield code="4">aut</marc:subfield>
    </marc:datafield>
    <marc:datafield tag="245" ind1="0" ind2="0">
      <marc:subfield code="a">Etablierung von vaskulären Zell - Cokulturen</marc:subfield>
    </marc:datafield>
    <marc:datafield tag="246" ind1="3" ind2="3">
      <marc:subfield code="a">Establishment of vascular cell cocultures</marc:subfield>
    </marc:datafield>
    <marc:datafield tag="264" ind1=" " ind2="1">
      <marc:subfield code="a">Graz</marc:subfield>
      <marc:subfield code="c">2017</marc:subfield>
    </marc:datafield>
    <marc:datafield tag="336" ind1=" " ind2=" ">
      <marc:subfield code="b">txt</marc:subfield>
    </marc:datafield>
    <marc:datafield tag="337" ind1=" " ind2=" ">
      <marc:subfield code="b">n</marc:subfield>
    </marc:datafield>
    <marc:datafield tag="338" ind1=" " ind2=" ">
      <marc:subfield code="b">nc</marc:subfield>
    </marc:datafield>
    <marc:datafield tag="500" ind1=" " ind2=" ">
      <marc:subfield code="a">Arbeit an der Bibliothek noch nicht eingelangt - Daten nicht geprüft</marc:subfield>
    </marc:datafield>
    <marc:datafield tag="500" ind1=" " ind2=" ">
      <marc:subfield code="a">Abweichender Titel laut Übersetzung des Verfassers/der Verfasserin</marc:subfield>
    </marc:datafield>
    <marc:datafield tag="502" ind1=" " ind2=" ">
      <marc:subfield code="b">Diplomarbeit</marc:subfield>
      <marc:subfield code="c">Karl-Franzens-Universität Graz</marc:subfield>
      <marc:subfield code="d">2017</marc:subfield>
    </marc:datafield>
    <marc:datafield tag="520" ind1=" " ind2=" ">
        <marc:subfield code="a">ger: Im Fokus dieser Diplomarbeit stand einerseits die Charakterisierung von Endothelzellen und glatten Muskelzellen. Dazu wurden Monokulturen humaner und porciner Primärzellen, die aus Schweineaorten bzw. Nabelschnurvenen isoliert wurden, mittels Western Blot auf entsprechende Markerproteine (VE – Cadherin, α-smooth muscle actin) analysiert.Der Schwerpunkt der Diplomarbeit lag auf der Etablierung einer Methode zur Cokultivierung dieser Zellen auf Transwell®-Inserts und auf der Identifizierung bzw. Charakterisierung der durch die Membran gebildeten myoendothelialen Junctions (MEJs). Dafür wurde die Proteinexpression von Connexin 43 gemessen.Während VE – Cadherin und α-smooth muscle actin spezifisch sowohl in Mono- und Cokulturen exprimiert wurden, konnte über die Ausbildung der MEJs keine Aussage gemacht werden, da der Connexin 43 – Antikörper sich als ungeeignet für die Detektion von porcinen Zellen erwies. In einer humanen Mischkultur hingegen war die Expression von Connexin 43 gut messbar, was auf eine Ausbildung von MEJs zwischen den Zellen hinweist. Da einer Studie zufolge Hämoglobin α eine wichtige Rolle in der Kontrolle der NO-Diffusion von Endothel- zu glatten Muskelzellen spielt, wurde versucht das Hämoprotein in der Cokultur zu identifizieren. Allerdings konnte Hämoglobin α weder durch qPCR noch durch Western Blot Experimente nachgewiesen werden.Die Methode der Cokultivierung ist allerdings noch als präliminar anzusehen und sollte hinsichtlich verschiedener Parameter (Beschichtung des Inserts, Variation der Zellzahl, Gewinnung der einzelnen Zellschichten und Isolation der Membran) optimiert werden.</marc:subfield>
    </marc:datafield>
    <marc:datafield tag="520" ind1=" " ind2=" ">
      <marc:subfield code="a">eng: One goal of this diploma thesis was to characterize endothelial and smooth muscle cells by Western blot experiments using specific marker proteins. For this purpose primary cells were isolated from porcine aorts or human umbilical veins. Antibodies directed against VE-cadherin and α-smooth muscle actin were used to detect endothelial cells and smooth muscle cells, respectively.The main aim of the thesis was to establish a method to co-culture these cells in Transwell® plates and to monitor formation of myoendothelial junctions (MEJs) using a connexin 43 antibody. Experiments showed that VE-Cadherin and α-smooth muscle actin are selectively expressed in endothelial cells and smooth muscle cells, respectively, both in mono- and co-cultures. Connexin 43 was not detected in any fraction of the co-culture, pointing to the absence of MEJs. However control experiments revealed that the antibody was not suited for porcine tissues and cells. In a human co-culture, by contrast, expression of connexion 43 was detected, indicating formation of MEJs. Since a previous report has demonstrated that haemoglobin α is formed in MEJs to control NO diffusion from endothelial to smooth muscle cells, we analysed co-cultures for the heme protein. Neither Western blot analysis nor qPCR experiments showed expression of significant amounts of haemoglobin α. However, at this time, the co-culture method is regarded as preliminary and should be optimized with respect to different parameters such as cell density, membrane coating, harvest of cells and isolation of membranes. These approaches will be carried out in future experiments.</marc:subfield>
    </marc:datafield>
    <marc:datafield tag="655" ind1=" " ind2="7">
      <marc:subfield code="a">Hochschulschrift</marc:subfield>
      <marc:subfield code="0">(DE-588)4113937-9</marc:subfield>
      <marc:subfield code="2">gnd-content</marc:subfield>
    </marc:datafield>
    <marc:datafield tag="700" ind1="1" ind2=" ">
      <marc:subfield code="4">aut</marc:subfield>
    </marc:datafield>
    <marc:datafield tag="751" ind1=" " ind2=" ">
      <marc:subfield code="a">Graz</marc:subfield>
      <marc:subfield code="0">(DE-588)4021912-4</marc:subfield>
      <marc:subfield code="4">uvp</marc:subfield>
      <marc:subfield code="2">gnd</marc:subfield>
    </marc:datafield>
    <marc:datafield tag="856" ind1="4" ind2=" ">
      <marc:subfield code="u">https://it013179.pers.ad.uni-graz.at:7090/Nawi/a42ef47e330da6c84a1f03270810db21.pdf</marc:subfield>
      <marc:subfield code="x">UBG</marc:subfield>
      <marc:subfield code="3">Volltext</marc:subfield>
    </marc:datafield>
    <marc:datafield tag="970" ind1="2" ind2=" ">
      <marc:subfield code="d">HS-DIPL</marc:subfield>
    </marc:datafield>
    <marc:datafield tag="971" ind1="1" ind2=" ">
      <marc:subfield code="a">Schrammel-Gorren, Astrid</marc:subfield>
    </marc:datafield>
    <marc:datafield tag="971" ind1="3" ind2=" ">
      <marc:subfield code="a">2017-11</marc:subfield>
    </marc:datafield>
    <marc:datafield tag="971" ind1="5" ind2=" ">
      <marc:subfield code="a">Universität Graz</marc:subfield>
      <marc:subfield code="b">Naturwissenschaftliche Fakultät</marc:subfield>
      <marc:subfield code="c">Institut für Pharmazeutische Wissenschaften</marc:subfield>
      <marc:subfield code="0">vls-obvugr-196515</marc:subfield>
    </marc:datafield>
    <marc:datafield tag="974" ind1="0" ind2="s">
      <marc:subfield code="F">030</marc:subfield>
      <marc:subfield code="A">a|1urr|||||17</marc:subfield>
    </marc:datafield>
    <marc:datafield tag="974" ind1="0" ind2="s">
      <marc:subfield code="F">050</marc:subfield>
      <marc:subfield code="A">a|a|||||g|||||</marc:subfield>
    </marc:datafield>
    <marc:datafield tag="974" ind1="0" ind2="s">
      <marc:subfield code="F">051</marc:subfield>
      <marc:subfield code="A">mu||||||</marc:subfield>
    </marc:datafield>
  </marc:record>
</marc:collection>
